@BOOK{Courcelle2012,
	AUTHOR = {Courcelle, Bruno AND Engelfriet, Joost},
	YEAR = {2012},
	TITLE = {Graph Structure and Monadic Second-Order Logic - A Language-Theoretic Approach},
	EDITION = {1},
	ISBN = {978-0-521-89833-1},
	PUBLISHER = {Cambridge University Press},
	ADDRESS = {Cambridge},
}

@report{pcgp2019,
	author = {Johannes K. Fichte},
	title = {Parameterized Complexity and its Applications in Practice},
	type = {pdf},
	institution = {TU Dresden, Germany},
	date = {06.05.2020},
	OPTsubtitle = {From Foundations to Implementations},
	OPTlanguage = {english},
	OPTnote = {Summer 2019 (May 6th – May 16th)},
	OPTlocation = {Jakarta, Indonesia},
	OPTmonth = {May},
	OPTpages = {162-174},
}
@article{evaluationMSO,
	author = {Langer, Alexander and Reidl, Felix and Rossmanith, Peter and Sikdar, Somnath},
	year = {2012},
	month = {01},
	pages = {},
	title = {Evaluation of an MSO-solver},
	journal = {Proc. of ALENEX 2012},
	doi = {10.1137/1.9781611972924.5}
}

@inproceedings{SAT1971,
	author = {Cook, Stephen A.},
	title = {The Complexity of Theorem-Proving Procedures},
	year = {1971},
	isbn = {9781450374644},
	publisher = {Association for Computing Machinery},
	address = {New York, NY, USA},
	url = {https://doi.org/10.1145/800157.805047},
	doi = {10.1145/800157.805047},
	booktitle = {Proceedings of the Third Annual ACM Symposium on Theory of Computing},
	pages = {151–158},
	numpages = {8},
	location = {Shaker Heights, Ohio, USA},
	series = {STOC ’71}
}


